<?xml version="1.0" encoding="UTF-8"?>
<collection xmlns:xsi="http://www.w3.org/2001/XMLSchema-instance" xsi:schemaLocation="http://www.loc.gov/MARC21/slim http://www.loc.gov/standards/marcxml/schema/MARC21slim.xsd" xmlns="http://www.loc.gov/MARC21/slim">
<record>
  <leader>00848cam a22002051  4500</leader>
  <controlfield tag="001">3076243</controlfield>
  <controlfield tag="003">NNC</controlfield>
  <controlfield tag="005">20151019143205.0</controlfield>
  <controlfield tag="008">010828m19471948ua            000 0 ara d</controlfield>
  <datafield tag="035" ind1=" " ind2=" ">
    <subfield code="a">(OCoLC)ocm47856344</subfield>
  </datafield>
  <datafield tag="035" ind1=" " ind2=" ">
    <subfield code="9">ATP9825CU</subfield>
  </datafield>
  <datafield tag="035" ind1=" " ind2=" ">
    <subfield code="a">(NNC)3076243</subfield>
  </datafield>
  <datafield tag="040" ind1=" " ind2=" ">
    <subfield code="a">ZCU</subfield>
    <subfield code="c">ZCU</subfield>
  </datafield>
  <datafield tag="099" ind1=" " ind2=" ">
    <subfield code="a">893.791</subfield>
    <subfield code="a">H954</subfield>
  </datafield>
  <datafield tag="100" ind1="1" ind2=" ">
    <subfield code="a">Ḥusayn, ʻAbd Allāh.</subfield>
  </datafield>
  <datafield tag="245" ind1="1" ind2="3">
    <subfield code="a">al-Dawlah al-Islāmīyah fī fiqhihā wa-tashrīʻihā wasiyāsatihā wa-idāratihā wa-ḥarbīyatihā wa-baḥrīyatihā wa-mālīyatihā wa-iqtiṣādihā wa-qadāʾihā, maʻa al-muqāranah bi-naẓm al-bilād al-ukhrá</subfield>
    <subfield code="c">[taʾlīf] ʻAbd-Allāh Ḥusayn.</subfield>
  </datafield>
  <datafield tag="246" ind1="0" ind2=" ">
    <subfield code="i">Added title in English:</subfield>
    <subfield code="a">Islamic state,</subfield>
    <subfield code="b">by Abdalla Hussein</subfield>
  </datafield>
  <datafield tag="260" ind1=" " ind2=" ">
    <subfield code="a">[al-Iskandarīyah?]</subfield>
    <subfield code="b">Maṭbaʻat al-Shabāb al-Ḥadīthah,</subfield>
    <subfield code="c">1947-48.</subfield>
  </datafield>
  <datafield tag="300" ind1=" " ind2=" ">
    <subfield code="a">506 p.</subfield>
  </datafield>
  <datafield tag="955" ind1=" " ind2=" ">
    <subfield code="b">CU07842155</subfield>
    <subfield code="d">off,glx</subfield>
    <subfield code="e">893.791 H954</subfield>
  </datafield>
</record>
</collection>